@article{metsahovi40,
    author  = "Kallunki, J. and  Tornikoski, M. and Tammi, J. and Kinnunen, E. and Korhonen, K. and Kesäläinen, S. and Arkko, O.",
    title   = "Forty years of solar radio observations at Metsähovi Radio Observatory",
    journal = "Astronomische Nachrichten",
    year    = "2018",
    doi     = {10.1002/asna.201813464},
    url     = {http://dx.doi.org/10.1002/asna.201813464}
},
@mastersthesis{masterthesis,
    author    = "Kivistö, S.",
    title     = "Digitising Historical Solar Intensity Maps for Metsähovi Radio Observatory",
    school    = "Aalto University",
    ?_type     = "diploma thesis",
    ?_address  = "",
    year      = "2018",
    ?_month    = "",
    ?_note     = "",
},
@MISC{SUNSPOTDATA:1,
    AUTHOR="Dr. Lisa Upton, Dr. David Hathaway",
    TITLE="Discover the sun",
    YEAR="2019"
}
@ARTICLE{Shibasaki13,
       author = {{Shibasaki}, Kiyoto},
        title = "{Long-Term Global Solar Activity Observed by the Nobeyama Radioheliograph}",
      journal = {\pasj},
     keywords = {Sun: activity cycle, Sun: butterfly diagram, Sun: polar field, Sun: radio},
         year = 2013,
        month = dec,
       volume = {65},
          eid = {S17},
        pages = {S17},
          doi = {10.1093/pasj/65.sp1.S17},
       adsurl = {https://ui.adsabs.harvard.edu/abs/2013PASJ...65S..17S},
      adsnote = {Provided by the SAO/NASA Astrophysics Data System}
}
@ARTICLE{GHHZ83,
       author = {{Gaizauskas}, V. and {Harvey}, K.~L. and {Harvey}, J.~W. and {Zwaan}, C.},
        title = "{Large-scale patterns formed by solar active regions during the ascending phase of cycle 21}",
      journal = {\apj},
     keywords = {Magnetic Flux, Solar Activity, Solar Cycles, Solar Magnetic Field, Sunspots, Astronomical Maps, Magnetic Field Configurations, Magnetic Signatures, Photosphere, Polarity, Solar Rotation, Synoptic Measurement, Solar Physics},
         year = 1983,
        month = feb,
       volume = {265},
        pages = {1056-1065},
          doi = {10.1086/160747},
       adsurl = {https://ui.adsabs.harvard.edu/abs/1983ApJ...265.1056G},
      adsnote = {Provided by the SAO/NASA Astrophysics Data System}
}
@ARTICLE{LUSDADM17,
       author = {{Leussu}, R. and {Usoskin}, I.~G. and {Senthamizh Pavai}, V. and
         {Diercke}, A. and {Arlt}, R. and {Denker}, C. and {Mursula}, K.},
        title = "{Wings of the butterfly: Sunspot groups for 1826-2015}",
      journal = {\aap},
     keywords = {Sun: activity, sunspots, history and philosophy of astronomy},
         year = 2017,
        month = mar,
       volume = {599},
          eid = {A131},
        pages = {A131},
          doi = {10.1051/0004-6361/201629533},
       adsurl = {https://ui.adsabs.harvard.edu/abs/2017A&A...599A.131L},
      adsnote = {Provided by the SAO/NASA Astrophysics Data System}
}
@ARTICLE{VLMCS12,
       author = {{Vecchio}, A. and {Laurenza}, M. and {Meduri}, D. and {Carbone}, V. and
         {Storini}, M.},
        title = "{The Dynamics of the Solar Magnetic Field: Polarity Reversals, Butterfly Diagram, and Quasi-biennial Oscillations}",
      journal = {\apj},
     keywords = {methods: data analysis, Sun: activity, Sun: surface magnetism},
         year = 2012,
        month = apr,
       volume = {749},
       number = {1},
          eid = {27},
        pages = {27},
          doi = {10.1088/0004-637X/749/1/27},
       adsurl = {https://ui.adsabs.harvard.edu/abs/2012ApJ...749...27V},
      adsnote = {Provided by the SAO/NASA Astrophysics Data System}
}
@ARTICLE{SCGVPS14,
       author = {{Selhorst}, C.~L. and {Costa}, J.~E.~R. and
         {Gim{\'e}nez de Castro}, C.~G. and {Valio}, A. and {Pacini}, A.~A. and
         {Shibasaki}, K.},
        title = "{The 17 GHz Active Region Number}",
      journal = {\apj},
     keywords = {Sun: activity, Sun: magnetic fields, Sun: radio radiation, Astrophysics - Solar and Stellar Astrophysics},
         year = 2014,
        month = aug,
       volume = {790},
       number = {2},
          eid = {134},
        pages = {134},
          doi = {10.1088/0004-637X/790/2/134},
archivePrefix = {arXiv},
       eprint = {1406.2252},
 primaryClass = {astro-ph.SR},
       adsurl = {https://ui.adsabs.harvard.edu/abs/2014ApJ...790..134S},
      adsnote = {Provided by the SAO/NASA Astrophysics Data System}
}


    
