@ARTICLE{ARTICLE:1,
    AUTHOR="John Doe",
    TITLE="Title",
    JOURNAL="Journal",
    YEAR="2017",
}
@BOOK{DUMMY:1,
AUTHOR="John Doe",
TITLE="The Book without Title",
PUBLISHER="Dummy Publisher",
YEAR="2100",
}
@MISC{SUNSPOTDATA:1,
    AUTHOR="Dr. Lisa Upton, Dr. David Hathaway",
    TITLE="Discover the sun",
    YEAR="2019"
}

    
